@book{Verhulst:1996,
Author = {Ferdinand Verhulst},
Publisher = {Springer},
Title = {Nonlinear Differential Equations and Dynamical Systems},
Year = {1992},
edition = {2},
}

@book{MELLODGE:2016,
Author = {PATRICIA MELLODGE},
Publisher = {ELSEVIER},
Title = {A Practical
Approach to
Dynamical Systems
for Engineers},
Year = {2016},
}

@book{Woodford,
Author = {C. Woodford and C. Phillips},
Publisher = {Springer},
Title = {Numerical Methods
with Worked
Examples:
Matlab Edition},
Year = {2016},
edition{2},
}

@book{Devaney,
Author = {Robert L. Devaney},
Title = {A First Course Chaotic Dynamical Systems},
}

@article{xxx:1992,
author = {polo},
title = {polo},
journal = {xxx},
year = {2010},
}

@ARTICLE{Alfonso2010a,
author = {M. Alfonso and B. Bernardo and C. Carlos and D. Domingo},
title = {El problema de los gatos y los perros},
journal = {Mascotas},
year = {2010},
volume = {50},
pages = {112-115}
}

@ARTICLE{Alfonso2010b,
author = {M. Alfonso and M. Marta and N. Nuria},
title = {Mi viaje a {EEUU}},
journal = {Revista de viajes},
year = {2010},
volume = {14},
pages = {50-56}
}

@ARTICLE{Patricio2011,
author = {A. Patricio},
title = {Una estrella rosa en el fondo del mar},
journal = {El mar},
year = {2011},
volume = {3},
pages = {1071-1090}
}

@ARTICLE{Zacarias2009,
author = {R. Zacarias and G. Graciela},
title = {¿{C}uál te gusta más?},
journal = {Flores},
year = {2009},
volume = {5},
pages = {45-49}
}
